@article{
  darksilicon,
  author={Esmaeilzadeh, Hadi and Blem, Emily and St. Amant, Ren\'{e}e and Sankaralingam, Karthikeyan and Burger, Doug},
  title={Dark Silicon and the End of Multicore Scaling},
  journal={IEEE Micro},
  volume={32},
  year={2012},
  month={June},
  pages={122-134}
}

@inproceedings{
  four-horsemen,
  author={Taylor, Michael B.},
  booktitle={DAC Design Automation Conference 2012},
  title={Is dark silicon useful? Harnessing the four horsemen of the coming dark silicon apocalypse},
  year={2012},
  pages={1131-1136},
  month={June}
}

@article{
  greendroid,
  author={Taylor, Michael B. and Swanson, Steven},
  title={GreenDroid: Exploring the Next Evolution in Smartphone Application Processors},
  journal={IEEE Communications Magazine},
  volume={49},
  year={2011},
  month={April},
  pages={112-119}
}

@phdthesis{
  arnone-thesis,
  author={Arnone, Antonio},
  title={Feasibility of Accelerator Generation to Alleviate Dark Silicon in a Novel Architecture},
  school={University of York},
  year={2017},
  month={June}
}

@inproceedings{
  high-performance-microarchitecture,
  author={Razdan, Rahul and Smith, Michael D.},
  booktitle={27th Annual International Symposium on Microarchitecture},
  title={A High-Performance Microarchitecture with Hardware-Programmable Functional Units},
  year={1994},
  pages={172-180},
  month={November}
}

@inproceedings{
  garp,
  author={Hauser, John R. and Wawrzynek, John},
  booktitle={5th Annual IEEE Symposium on Field-Programmable Custom Computing Machines},
  title={Garp: A MIPS Processor with a Reconfigurable Coprocessor},
  year={1997},
  pages={12-21},
  month={April}
}

